@article{harrow2009quantum,
  title={Quantum algorithm for linear systems of equations},
  author={Harrow, Aram W and Hassidim, Avinatan and Lloyd, Seth},
  journal={Physical review letters},
  volume={103},
  number={15},
  pages={150502},
  year={2009},
  publisher={APS}
}

@inproceedings{gilyen2019quantum,
  title={Quantum singular value transformation and beyond: exponential improvements for quantum matrix arithmetics},
  author={Gily{\'e}n, Andr{\'a}s and Su, Yuan and Low, Guang Hao and Wiebe, Nathan},
  booktitle={Proceedings of the 51st Annual ACM SIGACT Symposium on Theory of Computing},
  pages={193--204},
  year={2019}
}

@article{martyn2021grand,
  title={Grand unification of quantum algorithms},
  author={Martyn, John M and Rossi, Zane M and Tan, Andrew K and Chuang, Isaac L},
  journal={PRX quantum},
  volume={2},
  number={4},
  pages={040203},
  year={2021},
  publisher={APS}
}
